
@misc{Hallawww,
HOWPUBLISHED = " Hall A WWW page",
NOTE = "\url{http://hallaweb.jlab.org/}"
}

@misc{OSPgen,
HOWPUBLISHED = " OSP development page",
NOTE = "\url{http://www.jlab.org/~gen/osp/}"
}

@Article{Leemann:2001dg,
     author    = "Leemann, C. W. and Douglas, D. R. and Krafft, G. A.",
     title     = "The Continuous Electron Beam Accelerator Facility: CEBAF at
                  the Jefferson Laboratory",
     journal   = "Ann. Rev. Nucl. Part. Sci.",
     volume    = "51",
     year      = "2001",
     pages     = "413-450",
     SLACcitation  = "%%CITATION = ARNUA,51,413;%%"
} 
