@article{HallA-NIM,
AUTHOR       = " J. Alcorn and others ",
TITLE        = "{Basic Instrumentation for Hall A at Jefferson Lab}",
HOWPUBLISHED = "submitted to {NIM}",
JOURNAL      = "Nucl. Instrum. Meth.",
NUMBER       = "TBD",
YEAR         = 2003,
URL          = "http://hallaweb.jlab.org/equipment/NIM.pdf"
}


@techreport{bi:mc75,
AUTHOR = "R.D. Mc Carty",
TITLE = "{Hydrogen Technology Survey: Thermophysical Properties}",
INSTITUTION = "NBS",
NUMBER = "N76-11297",
YEAR = 1975
}

@techreport{bi:mc72,
AUTHOR = "R.D. Mc Carty",
TITLE = "{Thermophysical Properties of $^4$He from 2 to 1500 K with Pressures to 1000 Atmosphere}",
INSTITUTION = "NBS",
NUMBER = "COM 75-10334",
YEAR = 1972
}

@techreport{bi:gi67,
AUTHOR = "R.M. Gibbons and D.I. Nathan",
TITLE = "Thermodynamic Data of $^3$He",
INSTITUTION = " ",
NUMBER = "AFML-TR-67-17",
YEAR = 1967
}

@techreport{bi:bates,
AUTHOR =  "W. Schmitt and C. Williamson",
TITLE = "{Boiloff Rates of Cryogenic Targets Subjected to Catastrophic Vacuum Failure}",
INSTITUTION = "Bates Internal Report",
NUMBER = "90-02",
MONTH = "Sept",
YEAR = 1990
}

@Article{Bartoszek:1991ex,
     author    = "Bartoszek, L. and others",
     title     = "{The E760 lead glass central calorimeter: Design and initial
                  test results}",
     journal   = "Nucl. Instrum. Meth.",
     volume    = "A301",
     year      = "1991",
     pages     = "47-60",
     SLACcitation  = "%%CITATION = NUIMA,A301,47;%%",
     NOTE      = "\href{http://www.slac.stanford.edu/spires/find/hep?key=2282143}{~{\em SPIRES entry}}"
}

@Article{Appel:1975tt,
     author    = "Appel, J. A. and others",
     title     = "PERFORMANCE OF A LEAD GLASS ELECTROMAGNETIC SHOWER DETECTOR
                  AT FERMILAB",
     journal   = "Nucl. Instrum. Meth.",
     volume    = "127",
     year      = "1975",
     pages     = "495",
     SLACcitation  = "%%CITATION = NUIMA,127,495;%%",
     NOTE = "\href{http://www.slac.stanford.edu/spires/find/hep?key=84905}{~{\em SPIRES entry}}"
}

@article{goldberg,
AUTHOR  = "M. Goldberg and P. L. Mattern and K. Lengweiler and P. W. Levy",
TITLE   = "{Radiation Induced Coloring of Cerenkov Coutner Glasses}",
JOURNAL = "Nucl. Instrum. Meth.",
VOLUME  = "108",
PAGES   = "119-123",
YEAR    = 1975,
NOTE    = "\href{http://dx.doi.org/10.1016/0029-554X(73)90644-7}{~{\em DOI server}}"
}

@book{ferbel,
EDITOR = "T. Ferbel", 
TITLE =  "Experimental Techniques in High-Energy Nuclear and Particle Physics",
PUBLISHER = "Addison-Wesley Publishing Co., Inc.",
YEAR = 1991
}

@article{Garibaldi:1992mb,
     author    = "Garibaldi, F. and others",
     title     = "{A Waterfall target for electron scattering experiments}",
     journal   = "Nucl. Instrum. Meth.",
     volume    = "A314",
     year      = "1992",
     pages     = "1-8",
     SLACcitation  = "%%CITATION = NUIMA,A314,1;%%",
     NOTE = "\href{http://www.slac.stanford.edu/spires/find/hep?key=2611945}{~{\em SPIRES entry}},"
#"\href{http://dx.doi.org/10.1016/0168-9002(92)90492-M}{~{\em DOI server}}"
}

@techreport{Prescott:1973ek,
     author    = "Prescott, C. Y.",
     title     = "{Spin Dependent Compton Scattering for Use in Analyzing Electron Beam Polarizations}",
     INSTITUTION   = "{SLAC TN-73-1}",
     YEAR          = 1973,
     note      = "\href{http://www.slac.stanford.edu/spires/find/hep?key=104752}{~{\em SPIRES entry}}"
}

@Article{vanderSteenhoven:1997xb,
     author    = "van der Steenhoven, G. and others",
     title     = "{Instrumentation for {$\Delta$} photoproduction experiments
                  on niuclei with high-energy resolution}",
     journal   = "Nucl. Instrum. Meth.",
     volume    = "A399",
     year      = "1997",
     pages     = "160-170",
     SLACcitation  = "%%CITATION = NUIMA,A399,160;%%",
     NOTE = "\href{http://www.slac.stanford.edu/spires/find/hep?key=3495620}{~{\em SPIRES entry}},"
#"\href{http://dx.doi.org/10.1016/S0168-9002(97)00900-5}{~{\em DOI server}}"
}

@Article{Voegler:1982,
     author    = "Voegler, N. and Friedrich, J.",
     title     = "{A background-free oxygen target for electron scattering measurements with high beam currents}",
     journal   = "Nucl. Instrum. Meth.",
     volume    = "198",
     year      = "1982",
     pages     = "293-297",
     NOTE      = "\href{http://dx.doi.org/10.1016/0167-5087(82)90266-6}{~{\em DOI server}}"
} 


@Article{Lippert:1993kt,
     author    = "Lippert, C. and others",
     title     = "{Particle Discrimination in Medium-Energy Physics with an
                  Aerogel Cerenkov Detector}",
     journal   = "Nucl. Instrum. Meth.",
     volume    = "A333",
     year      = "1993",
     pages     = "413-421",
     SLACcitation  = "%%CITATION = NUIMA,A333,413;%%",
     NOTE = "\href{http://www.slac.stanford.edu/spires/find/hep?key=2894106}{~{\em SPIRES entry}}"
}
 
@Article{Alexa:1995ne,
     author    = "Alexa, L. C. and others",
     title     = "{Empirical tests and model of a silica aerogel Cerenkov
                  detector for CEBAF}",
     journal   = "Nucl. Instrum. Meth.",
     volume    = "A365",
     year      = "1995",
     pages     = "299-307",
     SLACcitation  = "%%CITATION = NUIMA,A365,299;%%",
     NOTE = "\href{http://www.slac.stanford.edu/spires/find/hep?key=3493490}{~{\em SPIRES entry}}"
} 

@Article{Lolos:1997vz,
     author    = "Lolos, G. J. and others",
     title     = "{Performance and design characteristics for the Hall A
                  aerogel Cerenkov counters}",
     journal   = "Nucl. Instrum. Meth.",
     volume    = "A385",
     year      = "1997",
     pages     = "403-411",
     SLACcitation  = "%%CITATION = NUIMA,A385,403;%%",
     NOTE = "\href{http://www.slac.stanford.edu/spires/find/hep?key=4025288}{~{\em SPIRES entry}}"
}

@Article{Brash:2002vn,
     author    = "Brash, E. J. and others",
     title     = "{Operational performance of the Hall A mirror aerogel
                  Cerenkov counter}",
     journal   = "Nucl. Instrum. Meth.",
     volume    = "A487",
     year      = "2002",
     pages     = "346-352",
     SLACcitation  = "%%CITATION = NUIMA,A487,346;%%",
     NOTE = "\href{http://www.slac.stanford.edu/spires/find/hep?key=5315417}{~{\em SPIRES entry}}"
}
