

@Article{Lippert:1993kt,
     author    = "Lippert, C. and others",
     title     = "Particle discrimination in medium-energy physics with an
                  aerogel Cerenkov detector",
     journal   = "Nucl. Instrum. Meth.",
     volume    = "A333",
     year      = "1993",
     pages     = "413-421",
     SLACcitation  = "%%CITATION = NUIMA,A333,413;%%"
}
 
@Article{Alexa:1995ne,
     author    = "Alexa, L. C. and others",
     title     = "Empirical tests and model of a silica aerogel Cerenkov
                  detector for CEBAF",
     journal   = "Nucl. Instrum. Meth.",
     volume    = "A365",
     year      = "1995",
     pages     = "299-307",
     SLACcitation  = "%%CITATION = NUIMA,A365,299;%%"
} 

@Article{Lolos:1997vz,
     author    = "Lolos, G. J. and others",
     title     = "Performance and design characteristics for the Hall A
                  aerogel Cerenkov counters",
     journal   = "Nucl. Instrum. Meth.",
     volume    = "A385",
     year      = "1997",
     pages     = "403-411",
     SLACcitation  = "%%CITATION = NUIMA,A385,403;%%"
}

@Article{Brash:2002vn,
     author    = "Brash, E. J. and others",
     title     = "Operational performance of the Hall A mirror aerogel
                  Cerenkov counter",
     journal   = "Nucl. Instrum. Meth.",
     volume    = "A487",
     year      = "2002",
     pages     = "346-352",
     SLACcitation  = "%%CITATION = NUIMA,A487,346;%%"
}

@Article{Beole:1998yq,
     author    = "Beole, S. and others",
 collaboration = "ALICE",
     title     = "ALICE technical design report: Detector for high momentum
                  PID",
     note     = "CERN-LHCC-98-19"
}

@misc{PAWwww,
HOWPUBLISHED = " PAW WWW page",
NOTE = "\url{http://wwwasd.web.cern.ch/wwwasd/paw/}"
}

@misc{CODAwww,
HOWPUBLISHED = " CODA WWW page",
NOTE = "\url{http://coda.jlab.org/}"
}

@misc{Hawgswww,
HOWPUBLISHED = " HAWGS WWW page",
NOTE = "\url{http://hallaweb.jlab.org/document/HAWGS/HAWGS\_OpMan.html}"
}

@misc{HazardCalc,
AUTHOR="H.~Fenker"
HOWPUBLISHED = " WWW page",
NOTE = "\url{http://hallaweb.jlab.org/document/HAWGS/HAWGS\_OpMan.html\#Heading38}"
}

@misc{hallarep02,
AUTHOR="F.~Garibaldi {\em et al.}",
TITLE="The Hall A RICH detector"
HOWPUBLISHED = "Hall A Status Report 2001"
}

