@misc{HallAosp,
HOWPUBLISHED = " Hall A OSP, full document (info level 4)",
NOTE = "\url{http://www.jlab.org/~gen/osp/osp.pdf}"
}

%\bibitem{bi:bar90} W. Barry et al., CEBAF-PR-90-009 (1990).
@techreport{bi:bar90,
AUTHOR = "W. Barry",
TITLE = "PR-90-009",
INSTITUTION = "CEBAF",
YEAR = 1990
}

%\bibitem{bi:HW} C. Hyde-Wright et al., Beam Position Studies for E93050 and priv. comm..
@misc{bi:HW,
AUTHOR = "C. Hyde-Wright et al.",
TITLE = "Beam Position Studies for E93050",
HOWPUBLISHED = "private communication",
}

%\bibitem{bi:TP} T. Powers, priv.  comm.. 

@misc{bi:TP,
AUTHOR = "T. Powers",
HOWPUBLISHED = "private communication",
}

% hydrogen props
%\bibitem{bi:mc75} R.D. Mc Carty, "Hydrogen Technology Survey: Thermophysical
%Properties", N76-11297, NBS 1975
@techreport{bi:mc75,
AUTHOR = "R.D. Mc Carty",
TITLE = "Hydrogen Technology Survey: Thermophysical Properties",
INSTITUTION = "NBS",
NUMBER = "N76-11297",
YEAR = 1975
}

%helium props
%\bibitem{bi:mc72} R.D. Mc Carty, "Thermophysical Properties of $^4$He from
%2 to 1500 K with Pressures to 1000 Atmospheres", COM 75-10334, NBS 1972
@techreport{bi:mc72,
AUTHOR = "R.D. Mc Carty",
TITLE = "Thermophysical Properties of $^4$He from 2 to 1500 K with Pressures to 1000 Atmosphere",
INSTITUTION = "NBS",
NUMBER = "COM 75-10334",
YEAR = 1972
}

%\bibitem{bi:gi67} R.M. Gibbons and D.I. Nathan, " Thermodynamic Data
%of $^3$He ", Tech Report AFML-TR-67-173, Oct 1967
@techreport{bi:gi67,
AUTHOR = "R.M. Gibbons and D.I. Nathan",
TITLE = "Thermodynamic Data of $^3$He",
INSTITUTION = " ",
NUMBER = "AFML-TR-67-17",
YEAR = 1967
}

%\bibitem{bi:bates} W. Schmitt and C. Williamson, "Boiloff Rates of
%Cryogenic Targets Subjected to Catastrophic Vacuum Failure",
%Bates Internal Report $\#$ 90-02, Sept 1990
@techreport{bi:bates,
AUTHOR =  "W. Schmitt and C. Williamson",
TITLE = "Boiloff Rates of Cryogenic Targets Subjected to Catastrophic Vacuum Failure",
INSTITUTION = "Bates Internal Report",
NUMBER = "90-02",
MONTH = "Sept",
YEAR = 1990
}
% " F. Duncan, K. McCormick, and J. Goity",
@techreport{bi:tgts,
AUTHOR = " F. Duncan  K. McCormick and  J. Goity",
TITLE = "A User's Guide to the Hall A Cryotarget Control System",
INSTITUTION = "Jefferson Lab Hall A",
MONTH = "Sept",
YEAR = 1997
}


%bibitem{bartozek} G. Bartozek et al., NIM A301 (1991)   47-60,
%`The E760 Lead-glass Calorimeter: Design and Initial Test Results''
@article{bartozek,
AUTHOR = "G. Bartozek et al.",
TITLE = "The E760 Lead-glass Calorimeter: Design and Initial Test Results",
JOURNAL = "Nucl. Instrum. Meth.",
VOLUME = "A310",
PAGES = "47-60",
YEAR = 1990
}

%\bibitem{appel}    J.A. Appel  et al., NIM 127 (1975)  495-505,
%"Performance of a Lead-glass Electromagnetic Shower Detector at Fermilab"
@article{appel,
AUTHOR = "J.A. Appel  et al.",
TITLE = "Performance of a Lead-glass Electromagnetic Shower Detector at Fermilab",
JOURNAL = "Nucl. Instrum. Meth.",
VOLUME = "127",
PAGES = "495-505",
YEAR = 1975,
}

%\bibitem{goldberg}     M. Goldberg et al., NIM 108  (1975)
%119-123, "Radiation Induced Coloring of Cerenkov Coutner Glasses"
@article{goldberg,
AUTHOR = "M. Goldberg et al.",
TITLE = "Radiation Induced Coloring of Cerenkov Coutner Glasses",
JOURNAL = "Nucl. Instrum. Meth.",
VOLUME = "108",
PAGES = "119-123",
YEAR = 1975
}

%\bibitem{ferbel} ``Experimental Techniques in High-Energy Nuclear and Particle
%Physics'', T. Ferbel ed., 1991.
@book{ferbel,
EDITOR = "T. Ferbel", 
TITLE =  "Experimental Techniques in High-Energy Nuclear and Particle Physics",
PUBLISHER = "Addison-Wesley Publishing Co., Inc.",
YEAR = 1991
}
%\bibitem{CDR}  ``CEBAF Conceptual Design Report (CDR)'', 1990.
@misc{CDR,
TITLE = "CEBAF Conceptual Design Report (CDR)",
YEAR = 1990
}

@misc{EPICSwww,
HOWPUBLISHED = " EPICS documentation can be found at: ",
NOTE = "\url{http://www.aps.anl.gov/asd/controls/epics/EpicsDocumentation/WWWPages/EpicsDoc.html}, or "
#"\url{http://www.epics.org/}"
}
%URL = "http://www.aps.anl.gov/asd/controls/epics/EpicsDocumentation/WWWPages/EpicsDoc.html"

@misc{MEDMwww,
HOWPUBLISHED = " MEDM documentation can be found at: ",
NOTE = "\url{http://www.aps.anl.gov/asd/controls/epics/EpicsDocumentation/ExtensionsManuals/MEDM/MEDM.html}"
}


@misc{bi:osp,
TITLE = "Hall A Experimental Equipment Operations Manual",
AUTHOR = "Edited by J. H. Mitchell for the Hall A Collaboration", 
}

@article{Garibaldi:1992mb,
     author    = "Garibaldi, F. and others",
     title     = "A Waterfall target for electron scattering experiments",
     journal   = "Nucl. Instrum. Meth.",
     volume    = "A314",
     year      = "1992",
     pages     = "1-8",
     SLACcitation  = "%%CITATION = NUIMA,A314,1;%%",
     NOTE = "\href{http://www.slac.stanford.edu/spires/find/hep?key=2611945}{~{\em SPIRES entry}},"
#"\href{http://dx.doi.org/10.1016/0168-9002(92)90492-M}{~{\em DOI server}}"
}


@misc{prescott,
AUTHOR = "C. Prescott", 
JOURNAL = "SLAC Internal Report SLAC TN-73-1",
}

@Article{vanderSteenhoven:1997xb,
     author    = "van der Steenhoven, G. and others",
     title     = "Instrumentation for {$\Delta$} photoproduction experiments
                  on niuclei with high-energy resolution",
     journal   = "Nucl. Instrum. Meth.",
     volume    = "A399",
     year      = "1997",
     pages     = "160-170",
     SLACcitation  = "%%CITATION = NUIMA,A399,160;%%",
     NOTE = "\href{http://www.slac.stanford.edu/spires/find/hep?key=3495620}{~{\em SPIRES entry}},"
#"\href{http://dx.doi.org/10.1016/S0168-9002(97)00900-5}{~{\em DOI server}}"
}

@Article{Voegler:1982,
     author    = "Voegler, N. and Friedrich, J.",
     title     = "A background-free oxygen target for electron scattering measurements with high beam currents",
     journal   = "Nucl. Instrum. Meth.",
     volume    = "198",
     year      = "1982",
     pages     = "293-297",
     NOTE      = "\href{http://dx.doi.org/10.1016/0167-5087(82)90266-6}{~{\em DOI server}}"
} 
