% JLab manuals and internal reports 
% other manuals and technical information

@manual{HallAosp,
TITLE        = " Hall A OSP, full document (info level 4)",
AUTHOR       = " Hall A Collaboration",
NOTE         = " {\it edited by {D}. {H}iginbotham} ",
HOWPUBLISHED = " Electronic Document",
YEAR         = 2013,
URL          = "http://hallaweb.jlab.org/github/halla-osp/version/osp-level4.pdf"
}

@manual{HallAosp0,
TITLE        = " Hall A SAD, OSP subdocument (info level 0)",
AUTHOR       = " Hall A Collaboration",
EDITOR       = " E. Chudakov ",
HOWPUBLISHED = " Electronic Document",
URL          = "http://www.jlab.org/~gen/osp/sad.pdf"
}

@manual{EHScebaf,
TITLE        = "EH\&S Manual",
ORGANIZATION = "JLab",
HOWPUBLISHED = "WWW page",
URL = "http://www.jlab.org/ehs/ehsmanual/"
}

@manual{EHScebaf6310T2,
TITLE        = "EH\&S Manual: Appendix 6310-T2",
CROSSREF     = "EHScebaf",
URL = "http://www.jlab.org/ehs/ehsmanual/manual/6310.html"
}

@manual{RADCONcebaf,
TITLE        = "RadCon Manual",
ORGANIZATION = "JLab",
HOWPUBLISHED = "WWW page",
URL = "http://www.jlab.org/accel/RadCon/JLAB_RadCon_Manual.pdf"
}

@manual{PSScebaf,
TITLE        = "Personnel Safety System (PSS) manual",
ORGANIZATION = "JLab",
HOWPUBLISHED = "WWW page",
URL = "http://www.jlab.org/accel/ssg/user_info.html"
}

@manual{MPScebaf,
TITLE        = "Machine Protection System (MPS) manual",
ORGANIZATION = "JLab",
HOWPUBLISHED = "WWW page",
URL = "http://www.jlab.org/accel/ssg/mps/MPS_home.html"
}

@manual{AODcebaf,
TITLE        = " Accelerator Operations Directive",
HOWPUBLISHED = " Electronic document",
URL          = "http://opsntsrv.acc.jlab.org/ops_docs/online_document_files/ACC_online_files/accel_ops_directives.pdf",
NOTE         = "{\it{\small URL is available inside JLab site}}"
}

@manual{RWIcebaf,
TITLE        = "{Radiation Worker I (RW-I) Training}",
ORGANIZATION = "JLab",
HOWPUBLISHED = "WWW page",
URL = "http://www.jlab.org/accel/RadCon/training.html"
}

@manual{ODHcebaf,
TITLE        = "{Oxygen Deficiency Hazard (ODH) training}",
ORGANIZATION = "JLab",
HOWPUBLISHED = "WWW page",
URL = "http://www.jlab.org/accel/safetylb/odhcover.html"
}

@manual{SAThalla,
TITLE        = "{Hall A Safety Awareness}",
ORGANIZATION = "JLab",
HOWPUBLISHED = "WWW page",
URL = "http://hallaweb.jlab.org/document/safety/walkthrough.html"
}

%\bibitem{bi:bar90} W. Barry et al., CEBAF-PR-90-009 (1990).
@techreport{bi:bar90,
AUTHOR      = "J. Heefner and W. Barry",
TITLE       = "{Beam Position Measurement in the CEBAF Recirculating Linacs by use of Pseudorandom Sequences}",
INSTITUTION = "{CEBAF, PR-90-009}",
YEAR        = 1990,
URL         = "http://www.jlab.org/div_dept/admin/publications/papers/90/PR90-009.pdf",
NOTE         = "{\it{\small URL is available inside JLab site}}"
}

@misc{bi:HW,
AUTHOR = "C. Hyde-Wright and others ",
TITLE = "{Beam Position Studies for E93050}",
ORGANIZATION = "JLab",
HOWPUBLISHED = "private communication",
}

%\bibitem{bi:TP} T. Powers, priv.  comm.. 

@misc{bi:TP,
AUTHOR = "T. Powers",
ORGANIZATION = "JLab",
HOWPUBLISHED = "private communication",
}


@manual{bi:tgts,
AUTHOR = " F. Duncan  K. McCormick and  J. Goity",
TITLE = "A User's Guide to the Hall A Cryotarget Control System",
ORGANIZATION = "Jefferson Lab Hall A",
MONTH = "Sept",
YEAR = 1997,
URL  = "http://hallaweb.jlab.org/equipment/targets/cryotargets/control.html"
}

%\bibitem{CDR}  ``CEBAF Conceptual Design Report (CDR)'', 1990.
@misc{CDR,
TITLE = "{CEBAF Conceptual Design Report (CDR)}",
YEAR = 1990
}

@misc{EPICSwww,
TITLE = "{EPICS Documentation} ",
HOWPUBLISHED = "WWW page",
URL = "http://www.epics.org/",
NOTE = "see also \url{http://www.aps.anl.gov/asd/controls/epics/EpicsDocumentation/WWWPages/EpicsDoc.html}"
}
%URL = "http://www.aps.anl.gov/asd/controls/epics/EpicsDocumentation/WWWPages/EpicsDoc.html"

@misc{MEDMwww,
TITLE = "{MEDM documentation} ",
HOWPUBLISHED = " WWW page ",
URL = "http://www.aps.anl.gov/asd/controls/epics/EpicsDocumentation/ExtensionsManuals/MEDM/MEDM.html"
}


@misc{CODAwww,
TITLE        = "{CODA documentation} ",
HOWPUBLISHED = " WWW page",
URL = "http://coda.jlab.org/"
}

@misc{PAWwww,
TITLE        = "{PAW Documentation} ",
HOWPUBLISHED = " WWW page",
URL = "http://wwwasd.web.cern.ch/wwwasd/paw/"
}

@misc{BurleInd,
     TITLE        = "{Burle Industries Inc.}",
     ADDRESS      = "Burle Industries Inc., 1000 New Holland Ave., Lancaster, PA 17601, USA",
     HOWPUBLISHED = "WWW page",
     URL         = "http://www.burle.com/"
}

@misc{PhotonisInd,
     TITLE        = "{Photonis Industries Inc.}",
     ADDRESS      = "Photonis, Avenue Roger Roncier, Z.I. Beauregard, B.P. 520, 19106 Brive Cedex, France",
     HOWPUBLISHED = "WWW page",
     URL          = "http://www.photonis.com"
}

@misc{HamamatsuPM,
     TITLE        = "{Hamamatsu Photo-Multipliers}",
     HOWPUBLISHED = "WWW page",
     URL          = "http://usa.hamamatsu.com/cmp-detectors/pmts/default.htm"
}

@misc{hallaweb-github,
HOWPUBLISHED = "Hall A Web GITHUB Directory",
NOTE="\url{http://hallaweb.jlab.org/github/}"
}

@misc{halla-github,
HOWPUBLISHED = "Hall A's OSP GITHUB page",
NOTE= "\url{https://github.com/JeffersonLab/halla-osp}"
}

@misc{CVSwww,
HOWPUBLISHED = " CVS (Concurrent Versions System) WWW page",
NOTE = "\url{http://www.cvshome.org/}"
}
 
@manual{ROOTcern,
TITLE        = "ROOT Package ",
ORGANIZATION = "CERN",
HOWPUBLISHED = "WWW page",
URL = "http://root.cern.ch"
}

@manual{inst:CEA,
ORGANIZATION = "{CEA Saclay, F-91191 Gif-sur-Yvette, France}",
NOTE = "{Telephone number, from US: 9-011-33-1-6908-XXXX}",
URL = "http://www-dapnia.cea.fr/Sphn/"
}

@manual{inst:JLab,
ORGANIZATION = "{Jefferson Lab}",
ADDRESS = "(12000 Jefferson avenue, Newport News, VA 23606)",
NOTE = "{Telephone numbers: (757)-269-XXXX, Pager numbers: (757)-584-XXXX}", 
URL = "http://www.jlab.org"
}

@misc{Hawgswww,
HOWPUBLISHED = " HAWGS WWW page",
NOTE = "\url{http://hallaweb.jlab.org/document/HAWGS/HAWGS_OpMan.html}"
}

@misc{HazardCalc,
AUTHOR="H.~Fenker",
HOWPUBLISHED = " WWW page",
NOTE = "\url{http://hallaweb.jlab.org/document/HAWGS/HAWGS_OpMan.html\#Heading38}"
}

@misc{hallarep02,
AUTHOR="F.~Garibaldi et al.",
TITLE="The Hall A RICH detector",
HOWPUBLISHED = "Hall A Status Report 2001",
NOTE = "\url{http://hallaweb.jlab.org/publications/StatusReports/StatusReport2001.pdf}"
}

@Article{Beole:1998yq,
     author    = "Beole, S. and others",
 collaboration = "ALICE",
     title     = "ALICE technical design report: Detector for high momentum
                  PID",
     note     = "CERN-LHCC-98-19, \url{http://consult.cern.ch/alice/Documents/1998/01/HMPID/tdr.html}"
}

@misc{E06010,
HOWPUBLISHED = " transversity WWW page",
NOTE = "\url{http://hallaweb.jlab.org/experiment/transversity}"
}

